<ENVELOPE>
 <BODY>
  <IMPORTDATA>
   <REQUESTDATA>
    
    <TALLYMESSAGE>
     <VOUCHER>
      <DATE>20260305</DATE>
      <VOUCHERTYPENAME>Purchase</VOUCHERTYPENAME>
      <PARTYLEDGERNAME>Standard Tech Supplies</PARTYLEDGERNAME>
      <PARTYGSTIN>27AADCB2230M1Z2</PARTYGSTIN>
      <VOUCHERNUMBER>PUR-8041</VOUCHERNUMBER>
      <ALLLEDGERENTRIES.LIST>
       <AMOUNT>-14550.75</AMOUNT>
      </ALLLEDGERENTRIES.LIST>
     </VOUCHER>
    </TALLYMESSAGE>

    <TALLYMESSAGE>
     <VOUCHER>
      <DATE>20260312</DATE>
      <VOUCHERTYPENAME>Sales</VOUCHERTYPENAME>
      <PARTYLEDGERNAME>Shell Corporation Ghost</PARTYLEDGERNAME>
      <PARTYGSTIN>27ZZZZZ9999Z9Z9</PARTYGSTIN>
      <VOUCHERNUMBER>SAL-9999</VOUCHERNUMBER>
      <CSTFORMISSUETYPE>&#4; Not Applicable</CSTFORMISSUETYPE>
      <NARRATION>Garbage control char test &#x04;</NARRATION>
      <ALLLEDGERENTRIES.LIST>
       <AMOUNT>2500000.00</AMOUNT>
      </ALLLEDGERENTRIES.LIST>
     </VOUCHER>
    </TALLYMESSAGE>

    <TALLYMESSAGE>
     <VOUCHER>
      <DATE>20260318</DATE>
      <VOUCHERTYPENAME>Purchase</VOUCHERTYPENAME>
      <PARTYLEDGERNAME>Unknown Cash Vendor</PARTYLEDGERNAME>
      <VOUCHERNUMBER>PUR-0000</VOUCHERNUMBER>
      <ALLLEDGERENTRIES.LIST>
       <AMOUNT>-850000.00</AMOUNT>
      </ALLLEDGERENTRIES.LIST>
     </VOUCHER>
    </TALLYMESSAGE>

    <TALLYMESSAGE>
     <VOUCHER>
      <DATE>20260325</DATE>
      <VOUCHERTYPENAME>Sales</VOUCHERTYPENAME>
      <PARTYLEDGERNAME>Metro Retail Chain</PARTYLEDGERNAME>
      <PARTYGSTIN>27QWERT1234A1Z5</PARTYGSTIN>
      <VOUCHERNUMBER>SAL-8042</VOUCHERNUMBER>
      <ALLLEDGERENTRIES.LIST>
       <AMOUNT>3240.20</AMOUNT>
      </ALLLEDGERENTRIES.LIST>
     </VOUCHER>
    </TALLYMESSAGE>

   </REQUESTDATA>
  </IMPORTDATA>
 </BODY>
</ENVELOPE>